@preamble{"\newcommand{\SortNoop}[1]{}"}
	
@incollection{Glymour1987,
	author = {Clark Glymour},
	title = {Android Epistemology and the Frame Problem},
	booktitle = {The Robot's Dilemma: The Frame Problem in Artificial Intelligence},
	year = {1987},
	editor = {Zenon W. Pylyshyn},
	pages = {65-75},
	publisher = {Ablex}}
	
@inproceedings{Lieder2014,
	author = {Falk Lieder and D. Plunkett and Jessica B. Hamrick and Stuart J. Russell and Nicholas J. Hay and Thomas L. Griffiths},
	title = {Algorithm Selection by Rational Metareasoning as a Model of Human Strategy Selection},
	booktitle = {Advances in Neural Processing Systems},
	year = {2014}}
	
@incollection{BayesOverview,
	author = {Thomas L. Griffiths and Charles Kemp and Joshua B. Tenenbaum},
	title = {Bayesian models of cognition},
	booktitle = {The Cambridge Handbook of Computational Cognitive Modeling},
	publisher = {Cambridge University Press},
	editor = {Ron Sun},
	year = {2008},
	pages = {59-100}}
	
@incollection{Fodor1987,
	author = {Jerry A. Fodor},
	title = {Modules, Frames, Fridgeons, Sleeping Dogs, and the Music of the Spheres},
	booktitle = {The Robot's Dilemma: The Frame Problem in Artificial Intelligence},
	year = {1987},
	publisher = {Ablex},
	editor = {Zenon W. Pylyshyn},
	pages = {139-149}}
	
@article{KlaymanHa,
	author = {Joshua Klayman and Young-Won Ha},
	title = {Confirmation, Disconfirmation, and Information in Hypothesis Testing},
	journal = {Psychological Review},
	volume = {94},
	number = {2},
	year = {1987},
	pages = {211-228}}
	
@article{Park,
	author = {J. Park and S. Sloman},
	year = {2013},
	title = {Mechanistic beliefs determine adherence to the {M}arkov property in causal reasoning},
	journal = {Cognitive Psychology},
	volume = {67},
	pages = {186-216}}
	
@techreport{Druzdzel,
	author = {Marek J. Druzdzel and Henri J. Suermondt},
	title = {{Relevance in Probabilistic Models: ``Backyards'' in a ``Small World''}},
	number = {FS-94-02},
	year = {1994},
	institution = {AAAI}}
	
@inproceedings{WickMcCallum,
	author = {Michael L. Wick and Andrew McCallum},
	title = {{Query-Aware MCMC}},
	Booktitle = {25th Conference on Neural Information Processing Systems},
	year = {2011},
	pages = {2564-2572}}

@book{Fodor,
	author = {Jerry A. Fodor},
	title = {The Modularity of Mind},
	publisher = {MIT Press},
	year = {1983}}
	
@book{Pylyshyn,
	author = {Zenon W. Pylyshyn},
	title = {Computation and Cognition},
	year = {1984},
	publisher = {MIT Press}}
	
@book{Ryle,
	Author = {Ryle, Gilbert},
	Title = {The Concept of Mind},
	Year = {1949},
	Publisher = {University of Chicago Press}}
	
@book{Anderson,
	Author = {John R. Anderson},
	Title = {The Adaptive Character of Thought},
	Publisher = {Lawrence Earlbaum Associates, Inc.},
	Year = {1990}}

@article{Anderson1991,
	Author = {John R. Anderson},
	Title = {Is Human Cognition Adaptive?},
	Journal = {Behavioral and Brain Sciences},
	Year = {1991},
	Volume = {14},
	Pages = {471-484}}
	
@book{Reichenbach,
	Author = {Hans Reichenbach},
	Title = {The Theory of Probability},
	Year = {1949},
	Publisher = {University of California Press}}
	
@inproceedings{Canini,
	author = {Kevin R. Canini and Mikhail M. Shashkov and Thomas L. Griffiths},
	title = {Modeling Transfer Learning in Human Categorization with the {H}ierarchical {D}irichlet {Process}},
	booktitle = {Proceedings of the 27th International Conference on Machine Learning},
	year = {2010},
	pages = {151-158}}
	
@article{KempGoodmanTenenbaum,
	Author = {Charles Kemp and Noah D. Goodman and Joshua B. Tenenbaum},
	Title = {Learning to Learn Causal Models},
	Journal = {Cognitive Science},
	Year = {2010},
	Pages = {1285-1243},
	volume = {34},
	number = {7}}
	
@unpublished{MarrPoggio,
	Author = {David Marr and Tomaso Poggio},
	Title = {From Understanding Computation to Understanding Neural Circuitry},
	Year = {1976},
	Note = {MIT A.I. Memo 357}}
	
@incollection{Thrun,
	author = {Sebastian Thrun},
	title = {Lifelong learning algorithms},
	booktitle = {Learning to Learn},
	editor = {S. Thrun and L. Pratt},
	year = {1998},
	pages = {181-209},
	publisher = {Kluwer}}
	
@article{NewellSimon,
	author = {Allen Newell and Herbert A. Simon},
	title = {Computer Science as Empirical Inquiry: Symbols and Search},
	journal = {Communication of the ACM},
	volume = {19},
	number = {3},
	year = {1976},
	pages = {113-126}}
	
@article{Simon,
	Author = {Simon, Herbert A.},
	Title = {On How to Decide What to Do},
	Journal = {The Bell Journal of Economics},
	Volume = {9},
	Number = {2},
	Year = {1978},
	Pages = {494-507}}
	
@article{McMullin,
	Author = {McMullin, Ernan},
	Title = {Galilean Idealization},
	Year = {1985},
	Journal = {Studies in the History and Philosophy of Science},
	Volume = {16},
	Pages = {247-273}}

@article{DE09,
	Author = {Danks, David and Eberhardt, Frederick},
	Title = {Explaining Norms and Norms Explained [Commentary]},
	Year = {2009},
	Journal = {Behavioral and Brain Sciences},
	Volume = {32},
	Number = {1},
	Pages = {86-87}}
	
@incollection{Danks,
	Author = {Danks, David},
	Year = {2008},
	Title = {Rational Analyses, instrumentalism, and implementations},
	Editor = {Chater, N. and Oaksford, M.},
	Booktitle = {The probabilistic mind: {P}rospects for {B}ayesian cognitive science},
	Publisher = {Oxford University Press},
	Pages = {59-75}}

@inproceedings{Vul2009,
	Author = {Vul, Edward and Goodman, Noah D. and Griffiths, Thomas L. and Tenenbaum, Joshua B.},
	Booktitle = {Proceedings of the Annual Conference of the Cognitive Science Society},
	Title = {One and Done? {O}ptimal Decisions from Very Few Samples},
	Pages = {148-153},
	Year = {2009}}
	
@inproceedings{Hay1,
	Author = {Hay, Nicholas J. and Russell, Stuart and Shimony, Solomon Eyal and Tolpin, David},
	Year = {2012},
	Title = {Selecting Computations: {T}heory and Applications},
	Booktitle = {Proceedings of Uncertainty in Artificial Intelligence (UAI)},
	pages = {346-355}
	}
	
@article{Gigerenzer1996,
	author = {Gerd Gigerenzer and Daniel G. Goldstein},
	title = {Reasoning the Fast and Frugal Way: {M}odels of Bounded Rationality},
	journal = {Psychological Review},
	year = {1996},
	volume = {103},
	number = {4},
	pages = {650-699}}	

@inproceedings{Icard2014,
	author = {Thomas F. Icard},
	title = {Toward Boundedly Rational Analysis},
	booktitle = {Proceedings of the 36th Annual Meeting of the Cognitive Science Society},
	year = {2014},
	editor = {P. Bello and M. Guarini and M. McShane and B. Scassellati},
	pages = {637-642}}
	
@inproceedings{Fernbach2010,
	author = {Philip M. Fernbach and Adam Darlow},
	title = {Causal conditional reasoning and conditional likelihood},
	booktitle = {Proceedings of the 32nd Annual Meeting of the Cognitive Science Society},
	year = {2010},
	editor = {S. Ohlsson and R. Catrambone},
	pages = {1088-1093}}
	
@article{Griffiths2014,
	author = {Thomas L. Griffiths and Falk Lieder and Noah D. Goodman},
	title = {Rational use of cognitive resources: Levels of Analysis between the computational and the algorithmic},
	journal = {Topics in Cognitive Science},
	year = {2014},
	note = {forthcoming}}
	
@book{Dennett,
	Author = {Daniel C. Dennett},
	Title = {Brainstorms: Philosophical Essays on Mind and Psychology},
	Publisher = {MIT Press},
	Year = {1981}}
	
@article{Turing1950,
	author = {Alan M. Turing},
	title = {Computing Machinery and Intelligence},
	journal = {Mind},
	volume = {59},
	pages = {433-460},
	year = {1950}}
	
@article{RussellBounded,
	Author = {Russell, Stuart and Subramanian, Devika},
	Title = {Provably bounded-optimal agents},
	Journal = {Journal of Artificial Intelligence Research},
	Volume = {2},
	Year = {1995},
	Pages = {1-36}}
	
@article{Rubinstein,
	author = {Ariel Rubinstein},
	title = {Finite Automata Play the Repeated Prisoner's Dilemma},
	journal = {Journal of Economic Theory},
	volume = {39},
	pages = {83-96},
	year = {1986}}
	
@article{Gaifman,
	Author = {Haim Gaifman},
	Title = {Reasoning with Limited Resources and Assigning Probabilities to Arithmetical Statements},
	Journal = {Synthese},
	Volume = {140},
	Year = {2004},
	Pages = {97-119}}
	
@book{Wiener,
	Author = {Norbert Wiener},
	Year = {1948},
	Title = {Cybernetics: Control and communication in the animal and the machine},
	Publisher = {MIT Press}}
	
@article{Lipman,
	Author = {Lipman, Bart},
	Year = {1991},
	Title = {How to Decide How to Decide How to \dots : Modeling Limited Rationality},
	Journal = {Econometrica},
	Volume = {59},
	Pages = {1105-1125}}

@inproceedings{McCarthy,
	author = {John McCarthy},
	title = {Programs with common sense},
	booktitle = {Symposium Proceedings on Mechanisation of Thought Processes},
	volume = {1},
	year = {1959},
	pages = {77-84}}
	
@article{Horvitz,
	Author = {Horvitz, Eric and Breese, John and Henrion, Max},
	Year = {1988},
	Title = {Decision Theory in Expert Systems and Artificial Intelligence},
	Journal = {International Journal of Approximate Reasoning},
	Volume = {2},
	Pages = {247-302}}

@book{Bernardo,
	Author = {Bernardo, Jos\'{e} M. and Smith, Adrian M.},
	Year = {1994},
	Title ={Bayesian Theory}, 
	Publisher = {John Wiley and Sons}}
	
@incollection{Simon1976,
	author = {Herbert A. Simon},
	title = {From substantive to procedural rationality},
	booktitle = {25 Years of Economic Theory},
	publisher = {Springer},
	editor = {T. J. Kastelein and S. K. Kuipers and W. A. Nijenhuis and G. R. Wagenaar},
	year = {1976},
	pages = {65-86}}
	
@article{Anderson1991b,
	author = {John R. Anderson},
	title = {The Adaptive Nature of Human Categorization},
	Journal = {Psychological Review},
	year = {1991},
	Volume = {98},
	Number = {3},
	Pages = {409-429}}
	
@book{Churchland,
	author = {Patricia S. Churchland and Terrence J. Sejnowski},
	title = {The Computational Brain},
	publisher = {MIT Press},
	year = {1994}}
	
@article{Carnap1947,
	author = {Rudolf Carnap},
	title = {On the Application of Inductive Logic},
	journal = {Philosophy and Phenomenological Research},
	year = {1947},
	volume = {8},
	pages = {133-148}}
	
@inproceedings{Goodman2008,
	author = {Noah D. Goodman and Vikash K. Mansinghka and Daniel Roy and Keith Bonawitz and Joshua B. Tenenbaum},
	title = {Church: A Language for Generative Models},
	booktitle = {Uncertainty in Artificial Intelligence},
	publisher = {AUAI Press},
	volume = {22},
	year = {2008}}
	
@article{Goodman2008b,
	author = {Noah D. Goodman and Joshua B. Tenenbaum and Jacob Feldman and Thomas L. Griffiths},
	title = {A Rational Analysis of Rule-Based Concept Learning},
	journal = {Cognitive Science},
	year = {2008},
	volume = {32},
	pages = {108-154}}
	
@article{BowersDavis,
	author = {Jeffrey S. Bowers and Colin J. Davis},
	title = {Bayesian just-so stories in psychology and neuroscience},
	journal = {Psychological Bulletin},
	year = {2012},
	volume = {138},
	number = {3},
	pages = {389-414}}
	
@article{MarcusDavis,
	author = {Gary F. Marcus and Ernest Davis},
	title = {How Robust are Probabilistic Models of Higher-Level Cognition?},
	journal = {Psychological Science},
	year = {2013},
	volume = {24},
	number = {12},
	pages = {2351-2360}}
	
@book{Simon1957,
	author = {Herbert A. Simon},
	title = {Models of Man},
	publisher = {Wiley},
	year = {1957}}
	
@article{ED11,
	Author = {Eberhardt, Frederick and Danks, David},
	Title = {Confirmation in the cognitive sciences: {T}he problematic case of {B}ayesian models},
	Year = {2011},
	Journal = {Minds and Machines},
	Volume = {21},
	Number = {3},
	Pages = {389-410}}
	
@article{YangShadlen,
	author = {Tianming Yang and Michael N. Shadlen},
	title = {Probabilistic Reasoning by Neurons},
	journal = {Nature},
	volume = {447},
	year = {2007},
	pages = {1075-1082}}
	
@book{KF,
	author = {Daphne Koller and Nir Friedman},
	title = {Probabilistic Graphical Models: Principles and Techniques},
	publisher = {MIT Press},
	year = {2009}}
	
@book{MacKay,
	Author = {David MacKay},
	Title = {Information Theory, Inference, and Learning Algorithms},
	Publisher = {Cambridge University Press},
	Year = {2003}}
	
@article{Denison,
	author = {Stephanie Denison and Elizabeth Bonawitz and Alison Gopnik and Thomas L. Griffiths},
	title = {Rational variability in children's causal inferences: The {S}ampling {H}ypothesis},
	journal = {Cognition},
	year = {2013},
	volume = {126},
	pages = {285-300}}
	
@book{Churchland1986,
	author = {Patricia S. Churchland},
	title = {Neurophilosophy: Toward a Unified Science of the Mind-Brain},
	publisher = {MIT Press},
	year = {1986}}
	
@article{Simon1955,
	author = {Herbert A. Simon},
	title = {A Behavioral Model of Rational Choice},
	year = {1955},
	journal = {Quarterly Journal of Economics},
	volume = {69},
	number = {1},
	pages = {99-118}}
	
@article{Fernbach2011,
	author = {Philip M. Fernbach and Adam Darlow and Steven A. Sloman},
	title = {Asymmetries in Predictive and Diagnostic Reasoning},
	journal = {Journal of Experimental Psychology: General},
	year = {2011},
	volume = {140},
	pages = {168-185}}
	
@article{Fernbach2013,
	author = {Philip M. Fernbach and Bob Rehder},
	title = {Cognitive shortcuts in causal inference},
	journal = {Argument and Computation},
	volume = {4},
	number = {1},
	pages = {64-88},
	year = {2013}}
	
@article{VulPashler,
	author = {Edward Vul and Harold Pashler},
	title = {Measuring the Crowd Within},
	journal = {Psychological Science},
	year = {2008},
	pages = {645-647},
	volume = {19},
	number = {7}}

@article{Vul2014,
	Author = {Vul, Edward and Goodman, Noah D. and Griffiths, Thomas L. and Tenenbaum, Joshua B.},
	Journal = {Cognitive Science},
	Title = {One and Done? {O}ptimal Decisions from Very Few Samples},
	volume = {38},
	number = {4},
	pages = {699-637},
	Year = {2014}}
	
@phdthesis{Vul2010,
	Author = {Edward Vul},
	Title = {Sampling in Human Cognition},
	School = {MIT},
	year = {2010}}
	
@phdthesis{IcardPhD,
	author = {Thomas F. Icard},
	title = {The Algorithmic Mind: A Study of Inference in Action},
	school = {Stanford University},
	year = {2013}}
	
@article{Tenenbaum2011,
	Author = {Tenenbaum, Joshua T. and Kemp, Charles and Griffiths, Thomas L. and Goodman, Noah D.},
	Title = {How to Grow a Mind: Statistics, Structure, and Abstraction},
	Journal = {Science},
	Volume = {331},
	Pages = {1279-1285},
	Year = {2011}}
	
@article{Perfors,
	Author = {Amy Perfors},
	Title = {Bayesian Models of Cognition: What's Built in After All?},
	Journal = {Philosophy Compass},
	Volume = {7},
	Number = {2},
	year = {2012},
	pages = {127-138}}
	
@book{deGroot,
	Author = {Morris H. DeGroot},
	publisher = {John Wiley \& Sons},
	year = {2004},
	title = {Optimal Statistical Decisions}}
	
@book{Russell,
	Author = {Russell, Stuart and Wefald, Eric},
	Title = {Do the Right Thing: Studies in Limited Rationality},
	Publisher = {MIT Press},
	Year = {1991}}
	
@book{Luce,
	Author = {R. Duncan Luce},
	Title = {Individual Choice Behavior: A Theoretical Analysis},
	Publisher = {John Wiley \& Sons},
	Year = {1959}}

@article{TverskyKahneman1973,
	Author = {Amos Tversky and Daniel Kahneman},
	Title = {Availability: A heuristic for judging frequency and probability},
	Journal = {Cognitive Psychology},
	volume = {5},
	number = {2},
	pages = {207-232},
	year = {1973}}
	
@article{TverskyKahneman1983,
  Author = {Tversky, Amos and Kahneman, Daniel},
  Title = {Extensional versus intuitive reasoning: The conjunction fallacy in probability judgment},
  Journal = {Psychological Review},
  Volume = {90},
  Number = {4},
  Year = {1983},
  Pages = {293-315}}
  
 
 @article{TverskyKahneman1974,
 	Author = {Amos Tversky and Daniel Kahneman},
	Title = {Judgment under Uncertainty: Heuristics and Biases},
	Journal = {Science},
	volume = {185},
	number = {4157},
	pages = {1124-1131},
	year = {1974}}
	
@article{Cheng,
	author = {Patricia W. Cheng},
	year = {1997},
	title = {From Covariation to Causation: A Causal Power Theory},
	journal = {Psychological Review},
	volume = {104},
	pages = {367-405}}
	
	
@article{Lieder,
	Author = {Lieder, Falk and Griffiths, Thomas L. and Goodman, Noah D.},
	Year = {2012},
	Title = {Burn-in, bias, and the rationality of anchoring},
	volume = {25},
	Journal = {Advances in Neural Information Processing Systems},
	pages = {2699-2707}}
	
@article{Gopnik,
	Author = {Alison Gopnik and Clark Glymour and David Sobel and Laura Schulz and Tamar Kushnir and David Danks},
	Title = {A theory of causal learning in children: {C}ausal maps and {B}ayes nets.},
	journal = {Psychological Review},
	year = {2004},
	volume = {111},
	number = {1},
	pages = {3-32}}
	
@article{Fischhoff1978,
	author = {Baruch Fischhoff and Paul Slovic and Sarah Lichtenstein},
	title = {Fault Trees: Sensitivity of Estimated Failure Probabilities to Problem Representation},
	journal = {Journal of Experimental Psychology: Human Perception and Performance},
	year = {1978},
	volume = {4},
	number = {2},
	pages = {330-344}}
	
@article{Stewart,
	author = {Neil Stewart and Nick Chater and Gordon D.A. Brown},
	title = {Decision by sampling},
	journal = {Cognitive Psychology},
	year = {2006},
	pages = {1-26},
	volume = {53}}
	
@book{OaksfordChater,
	Author = {Oaksford, Mike and Chater, Nick},
	Title = {Bayesian Rationality},
	Publisher = {Oxford University Press},
	Year = {2007}}
